<?xml version="1.0" encoding="UTF-8"?><record xmlns="http://www.loc.gov/MARC21/slim" xmlns:cinclude="http://apache.org/cocoon/include/1.0" xmlns:zs="http://www.loc.gov/zing/srw/">
  <leader>00632cz  a2200169n  4500</leader>
  <controlfield tag="001">nb 99161380 </controlfield>
  <controlfield tag="003">DLC</controlfield>
  <controlfield tag="005">20030221132317.0</controlfield>
  <controlfield tag="008">000901n| acannaabn          |a aaa      </controlfield>
  <datafield tag="010" ind1=" " ind2=" ">
    <subfield code="a">nb 99161380 </subfield>
    <subfield code="z">nb 99156221 </subfield>
  </datafield>
  <datafield tag="040" ind1=" " ind2=" ">
    <subfield code="a">Uk</subfield>
    <subfield code="b">eng</subfield>
    <subfield code="c">Uk</subfield>
    <subfield code="d">DLC</subfield>
  </datafield>
  <datafield tag="100" ind1="1" ind2=" ">
    <subfield code="a">Bennett, E.</subfield>
    <subfield code="q">(Elizabeth)</subfield>
  </datafield>
  <datafield tag="500" ind1="1" ind2=" ">
    <subfield code="a">Bennett, Elizabeth</subfield>
  </datafield>
  <datafield tag="667" ind1=" " ind2=" ">
    <subfield code="a">Data provided by Nat. Lib. Scotland</subfield>
  </datafield>
  <datafield tag="670" ind1=" " ind2=" ">
    <subfield code="a">Globalisation and the sustainability of world fisheries, 2000:</subfield>
    <subfield code="b">t.p. (E. Bennett)</subfield>
  </datafield>
  <datafield tag="670" ind1=" " ind2=" ">
    <subfield code="a">Univ. of Portsmouth, 24 Aug. 2001:</subfield>
    <subfield code="b">CEMARE Staff page (Elizabett Bennett)</subfield>
  </datafield>
  <datafield tag="670" ind1=" " ind2=" ">
    <subfield code="a">The management of conflict in tropical fisheries, 2000:</subfield>
    <subfield code="b">t.p. (E. Bennett)</subfield>
  </datafield>
</record>